<?xml version="1.0" encoding="UTF-8"?><record xmlns="http://www.loc.gov/MARC21/slim" xmlns:cinclude="http://apache.org/cocoon/include/1.0" xmlns:zs="http://www.loc.gov/zing/srw/">
  <leader>00474nz  a2200133n  4500</leader>
  <controlfield tag="001">no2011114939</controlfield>
  <controlfield tag="003">DLC</controlfield>
  <controlfield tag="005">20110729075144.0</controlfield>
  <controlfield tag="008">110727n| acannaabn          |n aaa     c</controlfield>
  <datafield tag="010" ind1=" " ind2=" ">
    <subfield code="a">no2011114939</subfield>
  </datafield>
  <datafield tag="035" ind1=" " ind2=" ">
    <subfield code="a">(OCoLC)oca08926435</subfield>
  </datafield>
  <datafield tag="040" ind1=" " ind2=" ">
    <subfield code="a">PSt</subfield>
    <subfield code="b">eng</subfield>
    <subfield code="c">PSt</subfield>
  </datafield>
  <datafield tag="100" ind1="1" ind2=" ">
    <subfield code="a">Timberman, Ann</subfield>
  </datafield>
  <datafield tag="670" ind1=" " ind2=" ">
    <subfield code="a">Programs that work, 1978?:</subfield>
    <subfield code="b">p. vii (Ann Timberman, Asst. Dir., State and Local Programs, Alliance for Arts Education, John F. Kennedy Center for the Performing Arts, Washington, D.C.)</subfield>
  </datafield>
</record>